@book{maclane2012sheaves,
  title={Sheaves in geometry and logic: A first introduction to topos theory},
  author={MacLane, Saunders and Moerdijk, Ieke},
  year={2012},
  publisher={Springer Science \& Business Media}
}
@phdthesis{baillon:tel-04617881,
  TITLE = {{Continuity in Type Theory}},
  AUTHOR = {Baillon, Martin},
  URL = {https://theses.hal.science/tel-04617881},
  NUMBER = {2023NANU4092},
  SCHOOL = {{Nantes Universit{\'e}}},
  YEAR = {2023},
  MONTH = Dec,
  KEYWORDS = {Type theory ; Proof assistants ; Continuity ; Syntactic model ; Normalization Proofs ; Th{\'e}orie des types ; Assistants {\`a} la Preuve ; Mod{\`e}les syntaxiques ; Continuit{\'e} ; Preuve de Normalisation},
  TYPE = {Theses},
  PDF = {https://theses.hal.science/tel-04617881v2/file/BAILLON.pdf},
  HAL_ID = {tel-04617881},
  HAL_VERSION = {v2},
}